3542 5316
369 509 431 596 318

689 509 1069 592 INTRODUCTION,
1094 513 1195 586 ETc„

538 681 648 762 Ῥέζειν
671 687 704 752 έν
726 689 825 774 Πεδίῳ
850 689 928 768 παρὰ
950 687 1124 764 Θόμβριδος
1145 687 1275 752 άπλετου
1298 691 1384 770 ὕδωρ,

535 787 641 878 Ὅππῃ
662 795 862 870 στεινότατον,
884 789 954 870 Νὺξ
973 789 1060 870 ἡνίκα
1081 795 1171 870 γαῖαν
1193 791 1314 878 ἐπέλθῃ,

540 891 664 960 Ἠελίου
688 897 855 976 κράφαντος
878 893 929 954 έδν
950 891 1034 970 φάος·
1068 891 1137 954 ἔνθα
1160 893 1197 960 οδ
1220 891 1316 972 ῥέζειν

537 995 618 1078 ’Ἱερδ
639 999 831 1078 ποντομόνοις
855 995 983 1076 Μοίραις
1004 993 1094 1072 άρνας
1118 1019 1149 1058 τε
1174 995 1221 1058 καὶ
1245 995 1343 1078 αἶγας.

539 1099 670 1164 Κυανέας
693 1095 717 1162 δ’
743 1099 789 1164 ε’πὶ
812 1095 904 1160 ταῖσδ’
932 1095 1098 1160 Εἰλειθυίας
1122 1095 1290 1176 ἀρέσασθαι

538 1203 742 1266 Παιδοτόκους
764 1203 910 1278 θυέεσσιν,
936 1203 993 1286 ὅπῃ
1015 1197 1107 1278 θέμις.
1131 1201 1227 1278 ἱΑθθι
1250 1201 1281 1262 δὲ
1304 1201 1376 1286 Γαίῃ
1466 1265 1467 1268 ,

539 1303 720 1390 Πληθομένμ
744 1305 843 1388 χοῖρός
868 1329 899 1368 τε
924 1305 969 1368 καὶ
992 1303 1024 1370 ὗς
1049 1303 1155 1382 ἱεροῖτο
1178 1303 1314 1382 μέλαινα.

539 1407 687 1472 Ζάλευκοι
708 1413 808 1490 ταῦροι
830 1409 864 1470 δὲ
886 1409 959 1474 Διὸς
982 1407 1061 1486 παρὰ
1080 1407 1187 1486 βωμὸν
1208 1405 1347 1488 ἀγέσθωυ

532 1509 657 1592 Ἢματι,
680 1511 744 1592 μηδ’
768 1513 818 1576 ἐπὶ
839 1515 930 1576 νυκτί·
962 1515 1059 1574 θεοῖσι
1079 1511 1137 1590 γὰρ
1159 1509 1321 1590 οὐρανίοισι

535 1613 680 1698 Ἠμέριος
702 1615 824 1680 πέλεται
845 1615 939 1680 θυέων
960 1615 1076 1694 τρόπος·
1109 1613 1146 1682 ιδς
1169 1613 1201 1678 δὲ
1225 1613 1271 1678 καὶ
1295 1613 1386 1678 οὕτως

536 1719 668 1800 Ἱρεόειυ·
701 1719 833 1800 δαμάλης
857 1721 888 1782 δὲ
908 1717 985 1800 βοός
1007 1717 1094 1796 δέμας
1118 1715 1339 1800 άγλοδνἭρης

540 1821 686 1902 Δεξάσθω
709 1823 778 1902 νηδς
800 1827 879 1902 πορδ
900 1829 963 1890 σεΰ.
1011 1821 1068 1884 Καὶ
1090 1827 1206 1900 Φοῖβος
1229 1821 1397 1898 Ἀπόλλων,

533 1925 633 1992 Ὅστε
653 1929 701 1990 καὶ
720 1925 843 1992 Ἠέλιος
868 1925 1063 2004 κικλήσκεται,
1085 1923 1139 1990 ίσα
1162 1923 1289 2010 δεδέχθαι

539 2031 666 2108 Θόμοτα
689 2017 840 2108 λητοίδης·
875 2029 921 2092 καὶ
944 2027 1110 2106 ἀειδόμενοί
1130 2055 1162 2092 τε
1184 2035 1306 2094 Λατῖνοι

539 2137 671 2198 Παιᾶνες
695 2133 809 2214 κούροις
831 2133 954 2214 κούρῃσί
974 2155 1006 2196 τε
1028 2131 1098 2212 νηδν
1123 2131 1222 2216 έχοιεν

537 2235 722 2302 Ἀθανάτων·
755 2235 842 2318 χωρὶς
865 2239 896 2300 δὲ
920 2237 1003 2316 κόραι
1024 2233 1117 2318 χορὸν
1138 2235 1221 2300 αὐτοὶ
1244 2235 1342 2320 ἔχοιεν

539 2337 599 2404 Καὶ
622 2339 711 2422 χωρὶς
732 2339 846 2402 παίδων
869 2339 963 2418 άρσην
987 2337 1107 2422 στάχυς,
1130 2343 1209 2406 ἀλλὰ
1232 2339 1350 2424 γουήωυ

540 2441 668 2506 Πάντων
693 2443 834 2520 ζωόντων,
860 2445 903 2508 οἷς
926 2443 1095 2522 ἀμφιθαλὴς
1120 2445 1161 2508 ἔτι
1185 2445 1292 2526 φύτλη.

539 2547 579 2610 At
601 2547 633 2610 δὲ
654 2545 752 2628 γάμον
775 2547 930 2628 ζεύγλαισι
952 2545 1126 2626 δεδμημένοι
1146 2547 1236 2628 ἤματι
1259 2551 1343 2634 κείνῳ

538 2649 619 2728 Γνδξ
632 2649 729 2730 Ἥρης
752 2651 830 2730 παρὰ
851 2651 957 2728 βωμὸν
980 2651 1113 2728 ἀοίδιμον
1136 2653 1292 2730 έδριόωσαι

547 2755 684 2832 Δαίμονα
704 2753 929 2816 λισσέσθωσαυ.
968 2751 1086 2814 Ἀττασι
1109 2757 1140 2816 δὲ
1163 2757 1275 2832 λύματα
1300 2759 1398 2820 δοῦναι

536 2853 699 2936 Ἀνδράσιν
718 2855 770 2934 ἠδὲ
792 2853 918 2938 γυναιξί,
943 2853 1073 2936 μάλιστα
1094 2859 1128 2920 δὲ
1151 2859 1337 2944 θηλυτέρῃσι.

538 2955 656 3024 Πάντες
680 2957 705 3024 δ’
728 2957 764 3038 ἐξ
782 2961 875 3022 οἴκοιο
896 2959 1062 3042 φερέσθων,
1086 2961 1167 3024 ὅσσα
1190 2961 1317 3040 κομίζειν

536 3061 627 3126 ’Em
649 3059 728 3144 θέμις
752 3065 902 3144 θνητοῖσιν
926 3061 1142 3144 άπαρχομέυοις
1163 3065 1287 3142 βιότοιο,

539 3165 672 3244 Δαίμοσι
694 3167 885 3248 μειλιχίοισιν
908 3165 1059 3244 ίλάσμοτα
1081 3165 1128 3228 καί
1149 3165 1333 3250 μακάρεσσιν

540 3269 726 3348 Οθρανίδαις·
758 3273 794 3332 τδ
818 3269 848 3332 δὲ
872 3267 968 3334 πάντα
992 3269 1245 3350 τεθησαυρισμένα
1264 3271 1383 3346 κείσθω,

533 3369 639 3456 Ὄφρο
660 3397 693 3436 τε
716 3371 892 3456 θηλυτέρῃσι
914 3373 960 3436 καὶ
980 3369 1123 3450 ἀνδράσιν
1145 3375 1299 3452 ἓδριόωσιυ

534 3475 646 3540 Ἔνθεν
668 3477 818 3566 πορσόνῃς
838 3473 1026 3558 μεμνημένος.
1052 3473 1172 3556 Ἤμασι
1195 3475 1219 3540 δ’
1244 3477 1320 3542 ἔστω

537 3579 620 3658 Νυξί
639 3579 661 3642 τ’
687 3577 904 3664 έπασσυτέρῃσι
923 3577 1121 3660 θεοπρέτττους
1143 3583 1216 3642 κατὰ
1241 3583 1348 3648 θάκους

541 3683 727 3762 Πομπληθὴς
752 3685 860 3764 ἄγυρις·
892 3683 1005 3762 σπουδὴ
1027 3683 1061 3744 δὲ
1082 3681 1191 3762 γέλωτι
1210 3683 1355 3766 μεμίχθω.

581 3815 681 3882 Ταῦτά
704 3843 749 3880 τοι
773 3819 806 3882 έν
828 3817 916 3896 φρεσὶ
941 3819 1031 3906 σῇσιν
1055 3819 1098 3882 ἀεὶ
1121 3819 1304 3900 μεμυημένος
1327 3819 1408 3898 εἶναι,

449 3943 453 3964 ·
539 3921 600 3984 Καί
621 3945 669 3984 σοι
693 3923 774 3984 πᾶσα
795 3919 878 4004 χθὼν
899 3921 1002 4002 Ἰταλίη
1023 3923 1071 3986 καὶ
1092 3927 1175 3986 πᾶσα
1196 3923 1309 4000 Λατίνη

537 4027 609 4092 Αίὲν
632 4023 687 4090 θτὸ
711 4025 902 4108 σκήπτροισιν
923 4023 1101 4110 ὑπουχένιον
1126 4023 1210 4108 ζυγὸν
1233 4025 1302 4106 ἕξει.

1501 711 1515 762 ό
