3542 5308
271 473 332 556 tm

626 465 837 534 HORATII
867 465 1062 534 EPODON

669 923 870 998 EPODE
920 921 1014 994 Xll.

709 1115 980 1166 Metre-Alrmauium.

356 1239 456 1318 QUID
481 1233 619 1312 ubivis,
641 1235 758 1298 mulier
779 1233 879 1314 nigris
905 1231 1095 1314 dignissima
1116 1231 1241 1296 barris?

398 1339 538 1402 Munera
559 1339 636 1420 quid
662 1339 743 1402 mihi
767 1339 887 1420 quidve
911 1335 1049 1402 tabellas

356 1441 465 1506 Mittis
488 1463 548 1506 nec
569 1441 666 1504 firmo
687 1443 797 1506 iuveni
818 1463 926 1524 neque
948 1441 1036 1504 naris
1056 1439 1200 1504 obesae?

397 1547 554 1628 Namque
576 1549 726 1628 sagacius
749 1567 833 1608 unns
856 1547 984 1624 odoror,

357 1649 502 1732 Polypus
525 1669 567 1712 an
590 1651 698 1732 gravis
722 1649 854 1712 hirsutis
876 1648 975 1714 cubet
995 1649 1106 1712 hircus
1129 1649 1163 1712 in
1184 1651 1254 1728 alia,
1403 1675 1415 1724 5

398 1753 510 1836 Quam
534 1755 622 1818 canis
644 1775 728 1832 acer,
750 1753 806 1814 ubi
829 1753 932 1816 lateat
954 1773 1017 1816 sus.

356 1855 422 1940 Qui
444 1857 547 1918 sudor
566 1855 663 1922 victis
685 1865 718 1920 et
740 1875 842 1936 quam
865 1855 971 1918 malus
993 1855 1139 1936 undique
1163 1855 1318 1920 membris

398 1959 523 2024 Crescit
547 1961 635 2038 odor,
660 1981 735 2024 cum
756 1979 843 2040 pene
865 1957 975 2022 soluto

356 2065 559 2128 Indomitam
582 2073 738 2146 properat
759 2063 882 2126 rabiem
908 2063 1043 2140 sedare3
1074 2085 1179 2146 neque
1203 2063 1249 2127 illi

398 2167 470 2230 Iam
494 2177 606 2230 manet
627 2165 764 2230 humida
788 2175 876 2230 creta
899 2165 1052 2248 colorque

356 2271 506 2336 Stercore
528 2269 657 2334 fucatus
680 2269 841 2350 crocodili,
864 2269 996 2350 iamque
1019 2269 1169 2332 subando

395 2373 505 2438 Tenta
527 2373 646 2438 cubilia
670 2383 821 2454 tectaque
845 2371 983 2454 rumpit!

353 2479 417 2542 Vel
440 2499 513 2542 mea
538 2499 612 2542 cum
634 2479 741 2542 saevis
763 2477 868 2558 agitat
890 2475 1023 2540 fastidia
1045 2475 1172 2542 verbis:

398 2583 533 2648 Inachia
556 2581 691 2664 langues
716 2581 822 2644 minus
847 2601 883 2644 ac
909 2601 981 2658 me3

356 2683 524 2750 Inachiam
548 2695 600 2750 ter
622 2695 717 2750 nocte
741 2695 844 2768 potes
867 2683 946 2746 mihi
971 2703 1101 2764 semper
1121 2685 1164 2746 ad
1187 2705 1290 2746 unum
1387 2709 1414 2758 ¹5

396 2789 509 2852 Mollis
533 2809 625 2870 opus.
671 2789 788 2852 Pereat
810 2786 906 2864 male,
926 2807 1011 2868 quae
1035 2797 1068 2852 te

353 2891 475 2956 Lesbia
499 2893 670 2974 quaerenti
692 2899 822 2956 taurum
847 2891 1041 2954 monstrauit
1063 2891 1211 2968 inertem,

397 2995 483 3058 Cum
506 2995 584 3058 mihi
611 2995 698 3060 Cous
722 2995 854 3060 adesset
875 2995 1054 3076 Amyntas,

355 3097 455 3164 Cuius
479 3099 511 3162 in
534 3099 696 3164 indomito
719 3099 922 3164 constantior
944 3099 1077 3180 inguine
1101 3117 1218 3162 nervus

395 3201 507 3286 Quam
530 3223 616 3268 nova
638 3201 775 3268 collibus
799 3203 894 3266 arbor
917 3201 1092 3266 inhaeret..

353 3311 532 3374 Muricibus
555 3309 666 3392 Tyriis
689 3309 825 3374 iteratae
849 3307 971 3372 vellera
992 3307 1088 3370 lanae

396 3415 458 3478 Cui
482 3411 762 3496 properabantur?
808 3411 884 3474 Tibi
909 3433 1037 3496 nempe,

351 3519 405 3582 Nc
428 3517 510 3580 soret
533 3517 688 3598 aequales
710 3517 796 3580 inter
816 3517 960 3594 conviva,
986 3515 1091 3598 magis
1114 3535 1212 3598 quem

395 3621 557 3704 Diligeret
579 3623 696 3686 mulier
720 3643 778 3684 sua
803 3643 902 3702 quam
926 3631 967 3684 tc.

353 3725 382 3790 Ο
407 3745 468 3806 ego
493 3745 558 3788 non
580 3723 670 3802 felix,
692 3745 794 3806 quam
815 3731 852 3786 tu
875 3723 968 3806 sugis,
992 3733 1028 3786 ut
1051 3731 1149 3806 pavet
1172 3743 1262 3786 acres
1381 3749 1392 3780 κ
1400 3747 1411 3796 5

393 3827 495 3912 Agna
517 3829 613 3910 lupos
635 3847 837 3910 capreaeque
861 3827 988 3892 leones!
