3542 5308
671 507 876 576 CARM'EN
902 511 1176 578 SECULARE.
1439 523 1501 596 317

352 677 486 758 βήματος
509 681 665 762 καθήμενοι
685 681 723 766 τῇ
748 679 827 764 δήμῳ
848 681 1019 758 διανέμουσι
1040 683 1077 742 τδ
1099 677 1254 758 καθάρσια·
1276 687 1369 744 ταῦτα
1384 681 1417 744 δέ
1438 685 1503 744 ἐστι

354 787 443 868 δᾷδες
465 785 512 846 καὶ
533 789 612 848 θεῖον
629 783 675 848 καὶ
691 783 855 864 ἄσφαλτος·
881 787 981 846 δοῦλοι
998 783 1029 846 δέ
1045 783 1154 846 τούτων
1169 783 1203 846 οῦ
1217 781 1403 866 μετέχουσιν,
1421 785 1503 846 ἀλλὰ

353 887 506 970 ἐλεύθεροι
520 891 615 970 μόνοι.
653 887 855 954 Συνελθόντος
872 885 903 952 δέ
918 891 969 952 τοῦ
986 885 1077 966 δήμου
1091 885 1201 952 παντὸς
1216 885 1249 950 ἐν
1262 911 1294 948 τε
1310 891 1372 948 τοῖς
1385 887 1502 966 ῥηθεῖσι

353 991 454 1058 τόποις
470 993 517 1054 καὶ
533 993 566 1054 ἐν
581 995 621 1076 τῷ
638 993 704 1078 ίεριῇ
719 995 771 1072 τῆς
785 989 965 1074 Ἀρτέμιδος,
982 989 999 1056 δ
1015 993 1047 1054 ἐν
1062 993 1100 1076 τῷ
1116 989 1296 1074 Ἀουεντίνῳ
1313 989 1398 1072 λόφῳ
1420 991 1501 1054 καθί-

354 1097 463 1172 δρυται,
487 1101 573 1158 σῖτον
594 1093 642 1158 καί
662 1095 762 1176 κριθὴν
783 1095 908 1162 έκαστος
932 1093 1014 1176 φέρει
1037 1093 1085 1158 καὶ
1109 1095 1227 1174 κύαμον.
1280 1089 1356 1180 (Cp.
1381 1091 1501 1176 Sibyll.

353 1221 384 1262 v.
401 1197 468 1284 27.)
525 1199 582 1260 Καὶ
604 1203 668 1264 ταῖς
692 1199 817 1278 Μοίραις
839 1197 945 1278 ἄγουσι
966 1197 1145 1282 παννυχίδας
1166 1197 1242 1278 μετὰ
1265 1197 1445 1276 σεμνότητος
1469 1199 1503 1260 ἐν

354 1299 454 1382 (ἐννέα
470 1295 602 1386 Heyne)
619 1299 709 1378 νοξίν.
753 1299 932 1366 Ἐνστάντος
950 1303 981 1364 δὲ
1004 1305 1060 1362 τοῦ,
1076 1303 1187 1390 χρόνου
1208 1303 1258 1380 τῆς
1280 1303 1389 1380 ἑορτῆς,
1411 1299 1447 1378 ῆν
1469 1303 1503 1364 ἐν

353 1403 450 1482 τρισὶν
464 1405 583 1484 ἡμέραις
598 1405 632 1464 ἐν
646 1405 684 1488 τῇ
701 1407 752 1466 τοῦ
762 1401 876 1484 ’Ἄρεως
891 1405 1063 1468 ἐπιτελοῦσι
1076 1405 1176 1488 πεδίῳ,
1194 1403 1241 1464 καὶ
1256 1411 1320 1472 ταῖς
1332 1407 1412 1470 ἴσαις
1428 1403 1503 1482 νυξί,

357 1511 525 1588 καθιεροῦτο
545 1509 583 1568 τδι
602 1505 768 1584 τελούμενα
784 1509 864 1586 παρὰ
885 1505 939 1584 τὴν
953 1505 1047 1588 ὄχθην
1067 1513 1117 1568 τοῦ
1139 1509 1313 1586 Θύμβριδος
1333 1509 1365 1570 ἐν
1385 1507 1424 1590 τῷ
1440 1509 1502 1570 Τά-

354 1635 446 1692 ραντι.
492 1609 606 1672 Θύουσι
631 1611 662 1670 δέ
686 1613 771 1684 θεοῖς,
788 1607 843 1672 Διί·
864 1609 910 1672 καὶ
922 1609 1006 1692 Ἥρᾳ
1028 1611 1076 1672 καὶ
1088 1607 1263 1674 Ἀπόλλωνι
1278 1613 1326 1674 καὶ
1340 1613 1437 1688 Λητοῖ
1456 1611 1504 1674 καὶ

352 1701 513 1790 Ἀρτέμιδι,
530 1707 577 1770 καὶ
597 1709 722 1788 προσέτι
745 1731 779 1790 γε
803 1709 931 1788 Μοίραις
954 1711 1002 1772 καὶ
1024 1709 1206 1774 Εἰλειθυίαις
1229 1709 1275 1772 καὶ
1299 1707 1433 1788 Δήμητρι
1455 1709 1503 1772 καὶ

350 1811 441 1900 ’Ἅιδῃ
467 1813 516 1878 καί
541 1811 731 1898 Περσεφόνῃ.
786 1815 831 1898 Τῇ
855 1813 888 1874 δέ
910 1813 1010 1900 πρώτη
1031 1819 1089 1878 τῶν
1112 1815 1242 1892 θεωριῶν
1264 1815 1344 1876 νυκτὶ
1368 1813 1503 1894 δευτέρας

354 1917 429 1992 ὥρας
446 1919 461 1980 ὁ
476 1917 659 1996 αὐτοκράτωρ
676 1915 723 1980 ἐπὶ
737 1917 790 1996 τήν
807 1919 901 2000 ὄχθην
919 1923 969 1980 τοῦ
990 1923 1123 1998 ποταμοῦ
1138 1923 1227 1996 τριῶν
1243 1917 1503 1998 παρασκευασθέν-

353 2045 411 2084 των
432 2027 541 2102 βωμῶν
561 2025 639 2102 τρεῖς
662 2019 753 2102 ἄρνας
779 2021 841 2084 θύει
865 2025 940 2100 μετὰ
962 2025 1021 2084 τῶν
1045 2019 1204 2084 δεκαπέντε
1228 2019 1341 2100 ἀνδρῶν
1365 2021 1411 2082 καὶ
1437 2021 1504 2088 τοῦς

352 2125 471 2202 βωμοὺς
503 2123 678 2202 καθαιμάξας
706 2125 865 2186 ὁλοκαυτοῖ
891 2127 928 2184 τὰ
956 2127 1079 2234 φύματα,
1138 2123 1440 2200 Κατασκευασθείσης
1470 2127 1503 2186 δὲ

354 2233 463 2306 σκηνῆς
485 2229 568 2304 δίκην
591 2223 714 2306 θεάτρου
742 2231 827 2308 φῶτα
851 2225 1013 2290 ἀνάπτεται
1036 2227 1084 2292 καί
1106 2225 1193 2306 πυρά,
1217 2227 1265 2288 καὶ
1285 2229 1377 2306 ύμνος
1403 2225 1504 2310 ᾄδεται

353 2331 461 2394 νεωστὶ
475 2329 681 2410 πεποιημένος,
699 2331 816 2410 θεωρίαι
833 2355 867 2394 τε
890 2331 1071 2412 ἱεροπρεπεῖς
1091 2329 1222 2412 ἄγονται.
1270 2331 1448 2408 Κομίζσνται
1470 2331 1503 2392 δέ

353 2435 383 2496 οἱ
397 2439 487 2496 ταῦτα
503 2439 654 2500 ποιοῦντες
675 2433 783 2510 μισθὸν
798 2433 850 2498 τὰς
866 2433 1002 2514 ἀπαρχὰς
1017 2437 1075 2496 τῶν
1097 2439 1224 2512 καρπῶν,
1245 2433 1327 2496 σίτου
1343 2433 1390 2496 καὶ
1406 2437 1503 2514 κριθῆς

354 2535 401 2598 καί
417 2535 543 2616 κυάμων·
571 2535 654 2598 αῦται
665 2535 731 2616 γάρ,
745 2535 783 2598 ῶς
794 2535 906 2616 είρηταί
918 2559 979 2614 μοι,
994 2535 1041 2598 καὶ
1057 2535 1095 2620 τῇ
1114 2533 1194 2618 δήμῳ
1206 2535 1292 2598 παντὶ
1306 2533 1503 2614 διανέμονται.

264 2659 266 2664 ’
353 2637 399 2726 Τῇ
414 2641 447 2702 δέ
461 2643 534 2718 μετὰ
550 2639 656 2714 ταύτην
671 2637 762 2726 ἡμέρη
776 2641 817 2706 εἰς
833 2637 867 2702 τὸ
884 2639 1079 2702 Καπετώλιον
1102 2637 1268 2716 ἀναβάντες
1287 2639 1437 2700 κάνταῦθα
1453 2641 1505 2706 τὰς

354 2741 566 2822 νενομισμένας
589 2743 694 2808 θυσίας
715 2745 968 2824 προσαγαγόντες,
987 2739 1121 2806 ἐντεῦθέν
1142 2767 1176 2806 τε
1199 2741 1248 2806 ἐπὶ
1268 2741 1303 2804 τὸ
1326 2767 1503 2806 κατεσκευα-

354 2843 465 2922 σμένον
478 2845 598 2924 θέατρον
612 2845 753 2908 ἐλθόντες
764 2847 816 2910 τδς
828 2845 949 2926 θεωρίας
959 2847 1148 2908 ἐπιτελοῦσιν
1157 2843 1331 2910 Ἀπόλλωνι
1343 2845 1389 2908 καὶ
1402 2841 1505 2926 Ἀρτέ-

353 2951 423 3024 μιδι.
468 2947 513 3032 Τῇ
536 2949 569 3010 δὲ
590 2949 663 3024 μετὰ
679 2947 785 3024 ταύτην
800 2947 892 3030 ἡμέρη
906 2953 1042 3028 γυναῖκες
1059 2949 1198 3028 ἐπίσημοι
1213 2951 1286 3012 κατὰ
1297 2948 1349 3026 τήν
1365 2949 1452 3030 ὤραν,
1467 2945 1506 3026 ῆν

356 3049 519 3132 δχρησμδς
540 3051 753 3132 ὑπηγόρευσεν,
770 3051 810 3114 εἰς
827 3049 859 3112 τδ
879 3051 1075 3114 Καπετώλιον
1097 3057 1296 3114 συνελθοῦσαι
1319 3051 1506 3114 λιτανεύουσι

353 3149 406 3216 τὸν
429 3153 498 3216 θεὸν
518 3153 564 3216 καὶ
585 3153 726 3230 ὑμνοῦσιν
745 3153 786 3218 ῶς
811 3151 900 3232 θέμις.
953 3149 1069 3238 Ἡμέρη
1091 3157 1125 3216 δὲ
1147 3155 1227 3240 τρίτη
1252 3157 1284 3216 ἐν
1307 3159 1345 3240 τῷ
1376 3153 1504 3218 κατὰτὸ

355 3253 511 3320 Παλάτιον
527 3253 719 3322 Ἀπόλλωνος
738 3255 810 3340 ἱερῷ
834 3255 894 3336 τρίς
913 3257 1123 3324 τέννέαπαῖδες
1138 3259 1293 3338 ἐπιφανεῖς
1309 3261 1382 3336 μετὰ
1395 3255 1505 3336 παρθέ-

354 3381 414 3422 νων
430 3359 588 3430 τοσούτων,
617 3357 645 3420 οῖ
671 3357 780 3424 πάντες
804 3359 993 3440 ἀμφιθαλεῖς,
1017 3359 1088 3438 ὅπερ
1116 3361 1207 3436 ἐστίν,
1232 3357 1413 3438 ἀμφοτέρους
1440 3357 1507 3424 τοῦς

353 3469 453 3540 γονεῖς
468 3463 588 3546 έχουτες
601 3463 765 3544 περιόντας,
776 3463 886 3540 ῦμνονς
902 3459 1007 3546 ᾅδουσι
1021 3471 1056 3550 τῇ
1072 3489 1104 3528 τε
1120 3459 1276 3540 Ἑλλήνων
1293 3461 1339 3526 καί
1355 3461 1506 3542 Ῥωμαίων

354 3565 502 3644 φωνῇκαὶ
518 3567 654 3642 παιῶνας,
671 3561 708 3628 δι’
724 3567 766 3628 ῶν
781 3567 812 3628 αἱ
826 3567 882 3628 ὑπὸ
897 3563 1053 3644 Ῥωμαίοις
1077 3567 1220 3642 σώζονται
1241 3565 1352 3638 πόλεις·
1378 3565 1458 3628 ἀλλα
1472 3591 1506 3630 τε

354 3669 427 3732 κατὰ
442 3667 493 3732 τὸν
509 3667 699 3748 ὑφηγημένον
716 3670 794 3748 παρὰ
817 3673 868 3732 τοῦ
888 3669 969 3732 θείου
986 3669 1095 3748 τρόπον
1112 3667 1278 3750 ἐτράπετο,
1296 3669 1335 3736 ῶν
1351 3669 1504 3734 ἐπιτελου-

353 3775 451 3850 μένων
467 3773 610 3852 διέμεινεν
624 3771 642 3848 ἡ
659 3771 735 3854 ἀρχή
750 3769 900 3852 Ῥωμαίων
915 3771 1083 3850 ἀλώβητος.
1317 3765 1403 3864 ἀρ

397 3873 453 3942 Ὡς
468 3873 504 3938 δν
520 3875 550 3936 δέ
568 3873 614 3934 καί
635 3873 681 3936 ἐπὶ
701 3881 759 3938 τῶν
778 3873 959 3958 πραγμάτων
974 3875 1069 3954 ἀληθῆ
1088 3881 1182 3938 ταῦτα
1198 3873 1272 3938 εῖναι
1289 3859 1503 3960 πιστεύάωμεν,

353 3979 443 4044 αὐτὸν
458 3975 662 4062 παραθήσομαι
676 3979 730 4044 τὸν
746 3981 901 4058 Σιβύλλης
915 3977 1062 4064 χρησμόν,
1074 3977 1128 4060 ήδη
1145 3979 1201 4060 πρὸ
1216 3979 1296 4058 ἡμῶν
1313 3977 1380 4062 παρ’
1396 3979 1504 4062 ἐτέρων

354 4083 564 4168 ἀνενηγμένον·

526 4285 615 4346 Ἀλλ’
639 4287 750 4350 ὁπόταν
772 4283 912 4364 μήκιστος
935 4287 981 4368 ἵκῃ
1005 4287 1112 4362 χρόνος
1136 4283 1317 4364 ἀνθρώποισι

527 4391 618 4466 Ζωῆς,
644 4391 684 4454 είς
707 4389 795 4452 ἐτέων
820 4389 924 4452 ἑκατὸν
948 4383 1016 4452 δέκα
1039 4389 1146 4452 κύκλον
1169 4387 1284 4464 ὁδεύων,

527 4489 672 4572 Μέμνησ’,
698 4491 719 4554 ῶ
741 4491 878 4570 Ῥωμαῖε,
901 4493 949 4554 καὶ
971 4489 1005 4550 οῦ
1026 4491 1108 4566 μάλα
1131 4489 1240 4568 λήσεαι
1259 4489 1355 4554 αὐτῶν

527 4599 706 4676 Μεμνῆσθαι
727 4595 796 4656 τάδε
819 4593 944 4680 πάντα.
970 4595 1079 4656 Θεοῖσι
1098 4595 1155 4672 μὲν
1180 4589 1354 4658 ἀθανάτοισι
