3542 5308
289 505 393 568 xxviii
665 499 1050 568 INTRODUCTION.

353 945 609 1014 EXTRACTS
640 947 774 1012 FROM
806 947 907 1012 THE
939 941 1223 1012 SUETONIAN
1251 943 1361 1008 LIFE

710 1101 771 1168 OF
803 1101 1014 1168 HORACE.

642 1321 800 1382 Maecenar'
821 1323 993 1400 regordsor
1013 1323 1080 1380 lizia.

328 1485 491 1548 Mascruas
508 1497 687 1564 quantopere
701 1505 769 1544 eum
788 1487 916 1546 dilexerit
931 1487 999 1546 satis
1016 1493 1193 1544 monstratur
1214 1485 1263 1542 illo
1288 1483 1431 1560 epigram-

290 1597 366 1644 mate
378 1605 384 1644 :

599 1701 649 1748 ‘Ni
668 1707 692 1748 te
707 1701 840 1750 visceribus
858 1699 920 1750 meis
940 1699 1032 1748 Horati

615 1783 675 1832 Plus
692 1783 742 1846 iarn
758 1783 842 1848 diligo,
860 1791 886 1832 tu
904 1791 975 1832 tuum
995 1783 1108 1832 sodalem

615 1867 707 1916 Ninnio
725 1867 807 1916 videas
824 1869 993 1932 strigosiorem
1003 1869 1026 1926 ;’

288 2001 339 2060 sed
354 2001 554 2078 multomagis
573 2003 708 2060 extremis
730 2003 840 2060 iudiciis
863 2001 911 2060 tali
932 2003 968 2060 ad
983 2001 1148 2084 (ingestum
1169 2001 1286 2076 elogio:
1309 1999 1434 2058 ‘Horati

290 2101 394 2172 Flacci,
407 2111 438 2160 ut
452 2103 519 2172 mei,
536 2109 599 2160 esto
617 2101 747 2160 memor?

394 2353 552 2430 ,Augustus
573 2355 640 2430 offer
660 2361 686 2412 to
706 2353 764 2412 dria
785 2353 822 2430 <ff
834 2355 877 2412 thr
890 2361 956 2430 port
976 2355 1011 2430 os
1025 2355 1146 2412 Privata
1169 2353 1320 2428 Secrelary.

329 2519 478 2594 Augustus
500 2517 686 2596 epistolarum
707 2537 825 2596 quoque
847 2519 873 2578 ei
895 2519 1022 2578 officium
1045 2521 1155 2592 obtulit,
1171 2529 1201 2578 ut
1221 2521 1278 2580 hoc
1298 2521 1335 2578 ad
1352 2519 1434 2580 Mae-

291 2629 424 2678 cenatem
442 2619 550 2696 scripto
570 2619 730 2694 significat:
754 2619 850 2676 ‘Ante
865 2619 927 2694 ipse
942 2619 1120 2678 sufficiebam
1135 2619 1293 2678 scribendis
1308 2619 1437 2696 epistolis

290 2721 467 2778 amicorum:
491 2737 570 2778 nunc
591 2719 831 2794 occupatissimus
854 2729 881 2778 ct
902 2717 1033 2778 infirmus
1054 2717 1210 2778 Horatium
1232 2727 1364 2776 nostrum
1378 2739 1396 2778 a
1410 2731 1437 2778 te

288 2819 375 2896 cupio
397 2819 549 2878 abducere.
592 2817 699 2876 Veniet
726 2817 812 2894 igitur
835 2819 873 2878 ab
899 2819 954 2878 ista
983 2817 1134 2896 parasitica
1163 2835 1264 2876 mensa
1293 2819 1330 2878 ad
1361 2819 1436 2878 hanc

289 2919 408 2994 regiam,
434 2929 462 2976 et
488 2937 543 2976 nos
567 2919 598 2976 in
626 2919 755 2994 epistolis
781 2919 939 2978 scribendis
965 2917 1126 2976 adiuvabit!
1170 2917 1214 2976 Ac
1236 2935 1272 2976 ne
1295 2921 1435 2976 recusant'

287 3017 405 3090 quidem
421 3027 469 3076 aut
485 3017 648 3078 succensuit
662 3019 819 3094 quicquam
833 3025 882 3074 aut
898 3017 1055 3076 amicitiam
1070 3033 1154 3076 suam
1169 3017 1300 3092 ingerere
1315 3017 1408 3078 desiit.

504 3285 645 3344 Extractr
655 3285 740 3362 from
761 3285 852 3344 letters
872 3285 909 3362 of
922 3285 1067 3362 Augustus
1088 3291 1115 3344 to
1133 3285 1200 3344 him

330 3435 440 3494 ‘Sume
453 3435 505 3494 tibi
520 3433 627 3510 aliquid
641 3437 708 3494 iuris
722 3435 801 3512 apud
815 3453 864 3494 me
877 3445 1017 3510 tanquam
1033 3435 1056 3494 si
1071 3435 1221 3494 convictor
1235 3435 1307 3494 mihi
1328 3435 1435 3496 fueris:

288 3543 366 3594 recte
388 3519 466 3612 siniti
488 3545 516 3594 et
537 3555 599 3594 non
620 3545 729 3594 temere
750 3535 860 3608 seceris
876 3537 1014 3612 quoniam
1028 3537 1059 3594 id
1072 3555 1143 3594 usus
1163 3535 1235 3594 mihi
1253 3543 1350 3594 tecum
1372 3553 1436 3594 esse

289 3633 366 3692 volui
381 3633 404 3692 si
420 3653 471 3710 per
486 3633 681 3692 valetudinem
695 3643 774 3690 tuam
791 3633 851 3692 fieri
866 3631 978 3710 possit.'

330 3733 405 3792 ‘Tui
425 3735 539 3810 qualern
553 3733 678 3792 habeam
692 3733 864 3792 memoriam
878 3733 987 3810 poteris
1002 3751 1038 3792 ex
1055 3731 1193 3808 Septimio
1204 3749 1320 3810 quoque
1336 3743 1437 3792 nostro

290 3831 402 3890 audire:
425 3851 493 3890 nam
508 3831 606 3890 incidit
620 3841 651 3890 ut
665 3831 714 3888 iiio
730 3849 828 3888 coram
844 3833 924 3890 fieret
938 3849 955 3890 a
971 3849 1018 3888 me
1033 3831 1073 3888 tui
1088 3831 1198 3888 mentio
1214 3853 1219 3888 :
1242 3849 1339 3906 neque
1362 3833 1385 3888 si
1408 3843 1437 3890 tu

289 3931 430 4006 superbus
452 3931 609 3988 amicitiam
633 3939 762 3988 nostram
789 3929 919 4006 sprevisti
944 3929 1009 3988 ideo
1037 3947 1091 3988 nos
1117 3948 1235 4008 quoque
1256 3931 1435 4004 ἀνθυπερφρο-

295 4029 403 4102 νοΰμεν.’
757 4023 758 4026 ¹

331 4127 465 4188 ‘Pertulit
494 4125 531 4186 ad
563 4143 612 4184 me
643 4127 800 4204 Dionysius
834 4127 961 4186 libellum
994 4137 1085 4200 tuurn,
1115 4145 1203 4205 quern
1238 4145 1304 4202 eg0,
1333 4137 1366 4184 nt
1398 4147 1434 4184 ne

291 4245 428 4288 accusem
461 4227 638 4296 brevitatem,
669 4227 939 4304 quantuluscunque
976 4237 1027 4298 est,
1056 4227 1125 4286 boni
1162 4227 1293 4284 consulo.
1336 4225 1437 4284 Vereri

291 4335 387 4384 autern
402 4327 472 4384 mihi
494 4325 597 4384 videris
612 4341 648 4380 ne
664 4325 789 4382 maiores
810 4325 894 4384 libelli
917 4327 957 4384 tui
980 4325 1035 4384 sint
1056 4343 1143 4404 quarn
1166 4325 1229 4400 ipse
1249 4341 1290 4382 es.
1335 4323 1393 4384 Sed
1417 4323 1439 4382 si

291 4433 397 4482 statura
422 4425 510 4494 deest,
534 4425 741 4500 corpusculum
762 4443 822 4482 non
844 4425 933 4484 deest.
977 4425 1078 4500 Itaque
1106 4423 1201 4482 licebit
1227 4425 1256 4480 in
1284 4423 1437 4482 sextariolo

292 4523 408 4592 scribae,
431 4533 461 4580 ut
482 4523 615 4582 circuitus
635 4523 789 4580 voluminis
810 4525 850 4580 tui
872 4523 908 4580 sit
929 4525 1120 4596 ὀγκωδέστατος
1140 4523 1215 4582 sicut
1232 4531 1276 4580 est
1290 4521 1439 4582 ventriculi

292 4619 349 4678 tui'
390 4617 445 4698 Cp.
461 4617 534 4678 Hor.
551 4619 627 4696 Epp.
645 4637 669 4680 1.
688 4639 712 4692 4.
734 4639 777 4694 14,
799 4641 821 4678 1.
840 4641 885 4680 20.
905 4641 951 4692 24.
